% This file was created with JabRef 2.10.
% Encoding: Cp1252

@Electronic{scrip1,
  Title                    = {Scripting Languages - http://en.wikipedia.org/wiki/Scripting\_language},
  Author = {Wikipedia}
}

@Electronic{tcl1,
  Title                    = {Tcl Overview - http://www.tcl.tk/},
  Author = {TCL/TK}
}

@Electronic{tcl2,
  Title                    = {Scripting with Tcl on Cisco IOS - http://www.cisco.com/c/en/us/td/docs/ios-xml/ios/ios\_tcl/configuration/12-4t/ios-tcl-12-4t-book/nm-script-tcl.html},
  Author = {Cisco}
}

@Electronic{cisc1,
  Title                    = {Cisco Works LAN Management Solution - http://www.cisco.com/c/en/us/products/collateral/cloud-systems-management/ciscoworks-lan-management-solution-4-0/data\_sheet\_c78-610760.html},
  Author = {Cisco}
}

@Electronic{cisc2,
  Title                    = {Cisco IOS Embedded Event Manager - http://www.cisco.com/c/en/us/products/collateral/ios-nx-os-software/ios-embedded-event-manager-eem/datasheet\_c78-692254.html},
  Author = {Cisco}
}

@Electronic{exp1,
  Title                    = {Expect - http://en.wikipedia.org/wiki/Expect},
  Author = {Wikipedia}
}

